<?xml version="1.0" encoding="UTF-8"?><collection xmlns="http://www.loc.gov/MARC21/slim"><record><leader>00379nam--2200133-i-4500</leader><controlfield tag="001">000041033</controlfield><controlfield tag="002">20161230</controlfield><controlfield tag="005">20161230201042</controlfield><controlfield tag="008">060222s1000------------r-----000-0-eng-d</controlfield><datafield ind1=" " ind2=" " tag="080"><subfield code="a">530.145.6(043)</subfield></datafield><datafield ind1=" " ind2=" " tag="100"><subfield code="a">Scutaru, Horia</subfield></datafield><datafield ind1=" " ind2=" " tag="245"><subfield code="a">Simetria si stabilitatea sistemelor cuantice deschese. teza</subfield></datafield><datafield ind1=" " ind2=" " tag="260"><subfield code="a">Bucuresti, Inst.De Fizica Si Ing.Nucleara, 1979, 170p</subfield></datafield><datafield ind1=" " ind2=" " tag="852"><subfield code="a">47088</subfield></datafield></record></collection>